<record><leader>00000cas a22000007a 4500</leader><controlfield tag="001">20738723</controlfield><controlfield tag="008">891206d19261926mouwr ne      0    0eng d</controlfield><datafield ind1=" " ind2=" " tag="010"><subfield code="a">sn 89067532 </subfield></datafield><datafield ind1=" " ind2=" " tag="040"><subfield code="a">MQN</subfield><subfield code="b">eng</subfield><subfield code="c">MQN</subfield><subfield code="d">OCLCQ</subfield><subfield code="d">OCLCF</subfield><subfield code="d">OCLCO</subfield></datafield><datafield ind1=" " ind2=" " tag="042"><subfield code="a">msc</subfield></datafield><datafield ind1=" " ind2=" " tag="043"><subfield code="a">n-us-mo</subfield></datafield><datafield ind1="0" ind2="0" tag="245"><subfield code="a">Harrisonville review and Cass County leader.</subfield></datafield><datafield ind1=" " ind2=" " tag="260"><subfield code="a">Harrisonville, Cass County, Mo. :</subfield><subfield code="b">W.J. Hutchinson,</subfield><subfield code="c">1926.</subfield></datafield><datafield ind1=" " ind2=" " tag="300"><subfield code="a">v.</subfield></datafield><datafield ind1=" " ind2=" " tag="310"><subfield code="a">Weekly</subfield></datafield><datafield ind1="0" ind2=" " tag="362"><subfield code="a">Vol. 1, no. 1 (Jan. 22, 1926)-v. 1, no. 1 (May 20, 1926).</subfield></datafield><datafield ind1=" " ind2=" " tag="500"><subfield code="a">Continued by unnamed new title?</subfield></datafield><datafield ind1=" " ind2=" " tag="515"><subfield code="a">Issue for May 20, 1926 numbered vol. 1, no. 1, but constitutes last issue.</subfield></datafield><datafield ind1=" " ind2=" " tag="515"><subfield code="a">Includes numbering of Cass County leader, vol. 29, no. 41-v. 30, no. 6.</subfield></datafield><datafield ind1=" " ind2="0" tag="651"><subfield code="a">Cass County (Mo.)</subfield><subfield code="v">Newspapers.</subfield></datafield><datafield ind1=" " ind2="7" tag="655"><subfield code="a">Newspapers.</subfield><subfield code="2">fast</subfield><subfield code="0">(OCoLC)fst01423814</subfield></datafield><datafield ind1=" " ind2="7" tag="651"><subfield code="a">Missouri</subfield><subfield code="z">Cass County.</subfield><subfield code="2">fast</subfield><subfield code="0">(OCoLC)fst01215950</subfield></datafield><datafield ind1=" " ind2=" " tag="752"><subfield code="a">United States</subfield><subfield code="b">Missouri</subfield><subfield code="c">Cass</subfield><subfield code="d">Harrisonville.</subfield></datafield><datafield ind1="0" ind2="0" tag="780"><subfield code="t">Cass County leader (Harrisonville, Mo. : 1898)</subfield><subfield code="w">(DLC)sn 88084099</subfield></datafield></record>